<record><leader>00000cas a2200000 a 4500</leader><controlfield tag="001">11266761</controlfield><controlfield tag="008">841015d18541914inuwr ne      0    0eng c</controlfield><datafield ind1=" " ind2=" " tag="010"><subfield code="a">sn 84038252 </subfield></datafield><datafield ind1=" " ind2=" " tag="040"><subfield code="a">NPX</subfield><subfield code="b">eng</subfield><subfield code="c">NPX</subfield><subfield code="d">NPU</subfield><subfield code="d">NPI</subfield><subfield code="d">KNP</subfield><subfield code="d">MGN</subfield><subfield code="d">OCL</subfield><subfield code="d">IUL</subfield><subfield code="d">OCLCQ</subfield><subfield code="d">OCLCF</subfield><subfield code="d">OCLCO</subfield><subfield code="d">IUL</subfield></datafield><datafield ind1=" " ind2=" " tag="042"><subfield code="a">pcc</subfield></datafield><datafield ind1=" " ind2=" " tag="043"><subfield code="a">n-us-in</subfield></datafield><datafield ind1="0" ind2=" " tag="130"><subfield code="a">Warren Republican (Williamsport, Ind. : 1854)</subfield></datafield><datafield ind1="1" ind2="4" tag="245"><subfield code="a">The Warren Republican.</subfield></datafield><datafield ind1=" " ind2=" " tag="260"><subfield code="a">Williamsport, Ind. :</subfield><subfield code="b">A.S. Foster</subfield></datafield><datafield ind1=" " ind2=" " tag="300"><subfield code="a">v.</subfield></datafield><datafield ind1=" " ind2=" " tag="310"><subfield code="a">Weekly</subfield></datafield><datafield ind1="0" ind2=" " tag="362"><subfield code="a">Vol. 1, no. 1 (Dec. 20, 1854)-</subfield></datafield><datafield ind1="1" ind2=" " tag="362"><subfield code="a">Ceased Oct. 15, 1914?</subfield></datafield><datafield ind1=" " ind2=" " tag="515"><subfield code="a">Beginning with May 12, 1910 issue numbering changed from a volume designation to "established 1844" plus a weekly numbering designation.</subfield></datafield><datafield ind1=" " ind2=" " tag="580"><subfield code="a">Merged with: Warren review; to form: Review-Republican.</subfield></datafield><datafield ind1=" " ind2=" " tag="588"><subfield code="a">Latest issue consulted: Oct. 8, 1914; U.S. Newspaper Archive (viewed July 17, 2017).</subfield></datafield><datafield ind1=" " ind2="0" tag="651"><subfield code="a">Warren County (Ind.)</subfield><subfield code="v">Newspapers.</subfield></datafield><datafield ind1=" " ind2="0" tag="651"><subfield code="a">Williamsport (Ind.)</subfield><subfield code="v">Newspapers.</subfield></datafield><datafield ind1=" " ind2="7" tag="651"><subfield code="a">Indiana</subfield><subfield code="z">Warren County.</subfield><subfield code="2">fast</subfield><subfield code="0">(OCoLC)fst01218747</subfield></datafield><datafield ind1=" " ind2="7" tag="651"><subfield code="a">Indiana</subfield><subfield code="z">Williamsport.</subfield><subfield code="2">fast</subfield><subfield code="0">(OCoLC)fst01257139</subfield></datafield><datafield ind1=" " ind2="7" tag="655"><subfield code="a">Newspapers.</subfield><subfield code="2">fast</subfield><subfield code="0">(OCoLC)fst01423814</subfield></datafield><datafield ind1=" " ind2=" " tag="752"><subfield code="a">United States</subfield><subfield code="b">Indiana</subfield><subfield code="c">Warren</subfield><subfield code="d">Williamsport.</subfield></datafield><datafield ind1="0" ind2="0" tag="780"><subfield code="t">Wabash commercial</subfield><subfield code="w">(DLC)sn 86059112</subfield><subfield code="w">(OCoLC)14986015</subfield></datafield><datafield ind1="1" ind2="7" tag="785"><subfield code="t">Warren review</subfield><subfield code="w">(DLC)sn 86059119</subfield><subfield code="w">(OCoLC)14986051</subfield></datafield><datafield ind1="1" ind2="7" tag="785"><subfield code="t">Review-Republican</subfield><subfield code="w">(DLC)sn 86058042</subfield><subfield code="w">(OCoLC)13199440</subfield></datafield><datafield ind1="4" ind2="1" tag="856"><subfield code="u">https://access.newspaperarchive.com/us/indiana/williamsport/williamsport-warren-republican/</subfield></datafield><datafield ind1="4" ind2="1" tag="856"><subfield code="u">https://access.newspaperarchive.com/us/indiana/williamsport/williamsport-review-republican/</subfield></datafield><datafield ind1="1" ind2=" " tag="029"><subfield code="a">AU@</subfield><subfield code="b">000020232834</subfield></datafield></record>